@inproceedings{bach2012scaling,
  title={Scaling MPE inference for constrained continuous Markov random fields with consensus optimization},
  author={Bach, Stephen and Broecheler, Matthias and Getoor, Lise and O'leary, Dianne},
  booktitle={Advances in Neural Information Processing Systems},
  pages={2663--2671},
  year={2012}
}
@article{memory2012graph,
  title={Graph summarization in annotated data using probabilistic soft logic},
  author={Memory, Alex and Kimmig, Angelika and Bach, Stephen and Raschid, Louiqa and Getoor, Lise},
  journal={status: accepted},
  year={2012}
}
@article{bach2010decision,
  title={Decision-driven models with probabilistic soft logic},
  author={Bach, Stephen H and Broecheler, Matthias and Kok, Stanley and Getoor, Lise},
  year={2010},
  publisher={Citeseer}
}
@inproceedings{broecheler2010computing,
  title={Computing marginal distributions over continuous Markov networks for statistical relational learning},
  author={Broecheler, Matthias and Getoor, Lise},
  booktitle={Advances in Neural Information Processing Systems},
  pages={316--324},
  year={2010}
}
@article{brocheler2012probabilistic,
  title={Probabilistic similarity logic},
  author={Brocheler, Matthias and Mihalkova, Lilyana and Getoor, Lise},
  journal={arXiv preprint arXiv:1203.3469},
  year={2012}
}
@inproceedings{huang2012probabilistic,
  title={Probabilistic soft logic for trust analysis in social networks},
  author={Huang, Bert and Kimmig, Angelika and Getoor, Lise and Golbeck, Jennifer},
  booktitle={International Workshop on Statistical Relational AI},
  year={2012}
}

@inproceedings{gruhl2005predictive,
  title={The predictive power of online chatter},
  author={Gruhl, Daniel and Guha, Ramanathan and Kumar, Ravi and Novak, Jasmine and Tomkins, Andrew},
  booktitle={Proceedings of the eleventh ACM SIGKDD international conference on Knowledge discovery in data mining},
  pages={78--87},
  year={2005},
  organization={ACM}
}

@inproceedings{bollen2011modeling,
  title={Modeling public mood and emotion: Twitter sentiment and socio-economic phenomena.},
  author={Bollen, Johan and Mao, Huina and Pepe, Alberto},
  booktitle={ICWSM},
  year={2011}
}

@article{tumasjan2010predicting,
  title={Predicting Elections with Twitter: What 140 Characters Reveal about Political Sentiment.},
  author={Tumasjan, Andranik and Sprenger, Timm Oliver and Sandner, Philipp G and Welpe, Isabell M},
  journal={ICWSM},
  volume={10},
  pages={178--185},
  year={2010}
}

@article{o2010tweets,
  title={From Tweets to Polls: Linking Text Sentiment to Public Opinion Time Series.},
  author={O'Connor, Brendan and Balasubramanyan, Ramnath and Routledge, Bryan R and Smith, Noah A},
  journal={ICWSM},
  volume={11},
  pages={122--129},
  year={2010}
}

@inproceedings{asur2010predicting,
  title={Predicting the future with social media},
  author={Asur, Sitaram and Huberman, Bernardo A},
  booktitle={Web Intelligence and Intelligent Agent Technology (WI-IAT), 2010 IEEE/WIC/ACM International Conference on},
  volume={1},
  pages={492--499},
  year={2010},
  organization={IEEE}
}

@inproceedings{saez2011total,
  title={From total hits to unique visitors model for electionâ€™s forecasting},
  author={Saez-Trumper, Diego and Meira, Wagner and Almeida, Virgilio},
  booktitle={International Conference on Web Science},
  year={2011}
}

@article{bermingham2011using,
  title={On using twitter to monitor political sentiment and predict election results},
  author={Bermingham, Adam and Smeaton, Alan F},
  year={2011}
}

@inproceedings{demartini2011analyzing,
  title={Analyzing Political Trends in the Blogosphere.},
  author={Demartini, Gianluca and Siersdorfer, Stefan and Chelaru, Sergiu and Nejdl, Wolfgang},
  booktitle={ICWSM},
  year={2011}
}

@inproceedings{bandari2012pulse,
  title={The Pulse of News in Social Media: Forecasting Popularity.},
  author={Bandari, Roja and Asur, Sitaram and Huberman, Bernardo A},
  booktitle={ICWSM},
  year={2012}
}

@article{bollen2011twitter,
  title={Twitter mood predicts the stock market},
  author={Bollen, Johan and Mao, Huina and Zeng, Xiaojun},
  journal={Journal of Computational Science},
  volume={2},
  number={1},
  pages={1--8},
  year={2011},
  publisher={Elsevier}
}

@inproceedings{gayo2011limits,
  title={Limits of electoral predictions using twitter.},
  author={Gayo-Avello, Daniel and Metaxas, Panagiotis Takis and Mustafaraj, Eni},
  booktitle={ICWSM},
  year={2011}
}

@article{gayo2011don,
  title={Don't turn social media into another'Literary Digest'poll},
  author={Gayo-Avello, Daniel},
  journal={Communications of the ACM},
  volume={54},
  number={10},
  pages={121--128},
  year={2011},
  publisher={ACM}
}

@article{gayo2012wanted,
  title={" I Wanted to Predict Elections with Twitter and all I got was this Lousy Paper"--A Balanced Survey on Election Prediction using Twitter Data},
  author={Gayo-Avello, Daniel},
  journal={arXiv preprint arXiv:1204.6441},
  year={2012}
}

@inproceedings{metaxas2011not,
  title={How (not) to predict elections},
  author={Metaxas, Panagiotis Takis and Mustafaraj, Eni and Gayo-Avello, Daniel},
  booktitle={Privacy, security, risk and trust (PASSAT), 2011 IEEE third international conference on and 2011 IEEE third international conference on social computing (SocialCom)},
  pages={165--171},
  year={2011},
  organization={IEEE}
}

@inproceedings{diakopoulos2010characterizing,
  title={Characterizing debate performance via aggregated twitter sentiment},
  author={Diakopoulos, Nicholas A and Shamma, David A},
  booktitle={Proceedings of the SIGCHI Conference on Human Factors in Computing Systems},
  pages={1195--1198},
  year={2010},
  organization={ACM}
}

@inproceedings{diaz2012taking,
  title={Taking the Pulse of Political Emotions in Latin America Based on Social Web Streams},
  author={Diaz-Aviles, Ernesto and Orellana-Rodriguez, Claudia and Nejdl, Wolfgang},
  booktitle={Web Congress (LA-WEB), 2012 Eighth Latin American},
  pages={40--47},
  year={2012},
  organization={IEEE}
}

@inproceedings{conover2011predicting,
  title={Predicting the political alignment of twitter users},
  author={Conover, Michael D and Gon{\c{c}}alves, Bruno and Ratkiewicz, Jacob and Flammini, Alessandro and Menczer, Filippo},
  booktitle={Privacy, security, risk and trust (passat), 2011 ieee third international conference on and 2011 ieee third international conference on social computing (socialcom)},
  pages={192--199},
  year={2011},
  organization={IEEE}
}

@inproceedings{mustafaraj2011vocal,
  title={Vocal minority versus silent majority: Discovering the opionions of the long tail},
  author={Mustafaraj, Eni and Finn, Samantha and Whitlock, Carolyn and Metaxas, Panagiotis Takis},
  booktitle={Privacy, security, risk and trust (passat), 2011 ieee third international conference on and 2011 ieee third international conference on social computing (socialcom)},
  pages={103--110},
  year={2011},
  organization={IEEE}
}

@inproceedings{livne2011party,
  title={The Party Is Over Here: Structure and Content in the 2010 Election.},
  author={Livne, Avishay and Simmons, Matthew P and Adar, Eytan and Adamic, Lada A},
  booktitle={ICWSM},
  year={2011}
}

@article{sobkowicz2012opinion,
  title={Opinion mining in social media: Modeling, simulating, and forecasting political opinions in the web},
  author={Sobkowicz, Pawel and Kaschesky, Michael and Bouchard, Guillaume},
  journal={Government Information Quarterly},
  year={2012},
  publisher={Elsevier}
}

@inproceedings{huang2012social,
  title={Social group modeling with probabilistic soft logic},
  author={Huang, Bert and Bach, Stephen H and Norris, Eric and Pujara, Jay and Getoor, Lise},
  booktitle={NIPS Workshop on Social Network and Social Media Analysis: Methods, Models, and Applications},
  year={2012}
}

@inproceedings{kimmig2012short,
  title={A short introduction to probabilistic soft logic},
  author={Kimmig, Angelika and Bach, Stephen and Broecheler, Matthias and Huang, Bert and Getoor, Lise},
  booktitle={Proceedings of the NIPS Workshop on Probabilistic Programming: Foundations and Applications},
  pages={1--4},
  year={2012}
}

@inproceedings{leskovec2009meme,
  title={Meme-tracking and the dynamics of the news cycle},
  author={Leskovec, Jure and Backstrom, Lars and Kleinberg, Jon},
  booktitle={Proceedings of the 15th ACM SIGKDD international conference on Knowledge discovery and data mining},
  pages={497--506},
  year={2009},
  organization={ACM}
}

@inproceedings{zheleva2009co,
  title={Co-evolution of social and affiliation networks},
  author={Zheleva, Elena and Sharara, Hossam and Getoor, Lise},
  booktitle={Proceedings of the 15th ACM SIGKDD international conference on Knowledge discovery and data mining},
  pages={1007--1016},
  year={2009},
  organization={ACM}
}

@article{mustafaraj2010obscurity,
  title={From obscurity to prominence in minutes: Political speech and real-time search},
  author={Mustafaraj, Eni and Metaxas, P Takis},
  year={2010}
}

@inproceedings{conover2011political,
  title={Political Polarization on Twitter.},
  author={Conover, Michael and Ratkiewicz, Jacob and Francisco, Matthew and Gon{\c{c}}alves, Bruno and Menczer, Filippo and Flammini, Alessandro},
  booktitle={ICWSM},
  year={2011}
}

@inproceedings{golbeck2011computing,
  title={Computing political preference among twitter followers},
  author={Golbeck, Jennifer and Hansen, Derek},
  booktitle={Proceedings of the SIGCHI Conference on Human Factors in Computing Systems},
  pages={1105--1108},
  year={2011},
  organization={ACM}
}

@inproceedings{backstrom2006group,
  title={Group formation in large social networks: membership, growth, and evolution},
  author={Backstrom, Lars and Huttenlocher, Dan and Kleinberg, Jon and Lan, Xiangyang},
  booktitle={Proceedings of the 12th ACM SIGKDD international conference on Knowledge discovery and data mining},
  pages={44--54},
  year={2006},
  organization={ACM}
}

@inproceedings{castillo2011information,
  title={Information credibility on twitter},
  author={Castillo, Carlos and Mendoza, Marcelo and Poblete, Barbara},
  booktitle={Proceedings of the 20th international conference on World wide web},
  pages={675--684},
  year={2011},
  organization={ACM}
}

@inproceedings{ratkiewicz2011detecting,
  title={Detecting and Tracking Political Abuse in Social Media.},
  author={Ratkiewicz, Jacob and Conover, Michael and Meiss, Mark and Gon{\c{c}}alves, Bruno and Flammini, Alessandro and Menczer, Filippo},
  booktitle={ICWSM},
  year={2011}
}

@inproceedings{yang2012we,
  title={We know what@ you\# tag: does the dual role affect hashtag adoption?},
  author={Yang, Lei and Sun, Tao and Zhang, Ming and Mei, Qiaozhu},
  booktitle={Proceedings of the 21st international conference on World Wide Web},
  pages={261--270},
  year={2012},
  organization={ACM}
}

@article{liang2013dqe,
  title={Unsupervised Targeted Event Detection in Twitter with Application to Civil Unrest Modeling},
  author={Zhao, Liang and Chen, Feng and C.T.Lu and Ramakrishnan, Naren},
  year={2013}
}

@article{schoen2013power,
  title={The power of prediction with social media},
  author={Schoen, Harald and Gayo-Avello, Daniel and Metaxas, Panagiotis Takis and Mustafaraj, Eni and Strohmaier, Markus and Gloor, Peter},
  journal={Internet Research},
  volume={23},
  number={5},
  pages={528--543},
  year={2013},
  publisher={Emerald Group Publishing Limited}
}
